@article{SAMADI2017,
title = "Sufficiency in energy scenario studies: Taking the potential benefits of lifestyle changes into account",
journal = "Technological Forecasting and Social Change",
volume = "124",
pages = "126 - 134",
year = "2017",
issn = "0040-1625",
doi = "https://doi.org/10.1016/j.techfore.2016.09.013",
url = "http://www.sciencedirect.com/science/article/pii/S0040162516303006",
author = "Sascha Samadi and Marie-Christine Gröne and Uwe Schneidewind and Hans-Jochen Luhmann and Johannes Venjakob and Benjamin Best",
keywords = "Sufficiency, Lifestyle changes, Energy scenarios, Behavioural change, Energy system modelling"
}
@article{LAUGS2017,
title = "A review of the bandwidth and environmental discourses of future energy scenarios: Shades of green and gray",
journal = "Renewable and Sustainable Energy Reviews",
volume = "67",
pages = "520 - 530",
year = "2017",
issn = "1364-0321",
doi = "https://doi.org/10.1016/j.rser.2016.09.053",
url = "http://www.sciencedirect.com/science/article/pii/S1364032116305470",
author = "Gideon A.H. Laugs and Henri C. Moll",
keywords = "Energy transition, Scenarios, Meta-analysis, Renewable energy, Environmental discourses"
}
@article{STEINBERGER2010,
title = "From constraint to sufficiency: The decoupling of energy and carbon from human needs, 1975–2005",
journal = "Ecological Economics",
volume = "70",
number = "2",
pages = "425 - 433",
year = "2010",
note = "Special Section: Ecological Distribution Conflicts",
issn = "0921-8009",
doi = "https://doi.org/10.1016/j.ecolecon.2010.09.014",
url = "http://www.sciencedirect.com/science/article/pii/S0921800910003733",
author = "Julia K. Steinberger and J. Timmons Roberts",
keywords = "Sustainable development, Low–carbon development pathways, IPAT, Human Development Index, Energy threshold for human needs, Goldemberg corner"
}
@article{ALCOTT2008,
title = "The sufficiency strategy: Would rich-world frugality lower environmental impact?",
journal = "Ecological Economics",
volume = "64",
number = "4",
pages = "770 - 786",
year = "2008",
issn = "0921-8009",
doi = "https://doi.org/10.1016/j.ecolecon.2007.04.015",
url = "http://www.sciencedirect.com/science/article/pii/S0921800907002728",
author = "Blake Alcott",
keywords = "=, Resource consumption, Sufficiency rebound, Efficiency, Ethics, Quotas"
}
@article{DEMSKI2015,
title = "Public values for energy system change",
journal = "Global Environmental Change",
volume = "34",
pages = "59 - 69",
year = "2015",
issn = "0959-3780",
doi = "https://doi.org/10.1016/j.gloenvcha.2015.06.014",
url = "http://www.sciencedirect.com/science/article/pii/S0959378015000953",
author = "Christina Demski and Catherine Butler and Karen A. Parkhill and Alexa Spence and Nick F. Pidgeon",
keywords = "Public acceptability, Public perception, Energy system transitions"
}
@article{SESSA2014,
title = "The world in 2050 and the New Welfare scenario",
journal = "Futures",
volume = "58",
pages = "77 - 90",
year = "2014",
note = "SI: Low Carbon Futures",
issn = "0016-3287",
doi = "https://doi.org/10.1016/j.futures.2013.10.019",
url = "http://www.sciencedirect.com/science/article/pii/S0016328713001481",
author = "Carlo Sessa and Andrea Ricci",
keywords = "Paradigm shifts, Foresight methods, Scenario building, Steady state economy, Global and local democracy, Wellbeing and sustainability metrics, Lifestyle change"
}
@book{Schneidewind2013,
author = "Uwe Schneidewind and Angelika Zahrnt",
title = "Damit gutes Leben einfacher wird - Perspektiven einer Suffizienzpolitik",
publisher = "oekom verlag München",       
year = "2013",
address = "München"
}
@article{Winterfeld2007,
  author    = {Winterfeld, Uta von},
  title     = {Keine Nachhaltigkeit ohne Suffizienz : f{\"u}nf Thesen und Folgerungen},
  journal   = {Vorg{\"a}nge},
  volume    = {46},
  number    = {3},
  url       = {http://nbn-resolving.de/urn:nbn:de:bsz:wup4-opus-27401},
  pages     = {46 -- 54},
  year      = {2007},
  language  = {de}
}
@PhdThesis{Speck2016,
  Title                    = {Konsum und Suffizienz - Eine empirische Untersuchung privater Haushalte in Deutschland},
  Author                   = {Melanie Speck},
  School                   = {Universität Paderborn,Deutschland},
  Year                     = {2016},
  DOI                      = {https://doi.org/10.1007/978-3-658-13488-4}
}
@misc{UBA2017,
  Title		= {Entwicklung des {S}tromverbrauchs nach {S}ektoren},
  Author	= {Umweltbundesamt},
  Year		= {2017},
  Url		= {https://www.umweltbundesamt.de/daten/energie/stromverbrauch}
}
@article{Creutzig2018,
 author = {Creutzig, Felix and Roy, Joyashree and Lamb, William F. and Azevedo, Inês M. L. and Bruine de Bruin, Wändi and Dalkmann, Holger and Edelenbosch, Oreane Y. and Geels, Frank W. and Grubler, Arnulf and Hepburn, Cameron and Hertwich, Edgar G. and Khosla, Radhika and Mattauch, Linus and Minx, Jan C. and Ramakrishnan, Anjali and Rao, Narasimha D. and Steinberger, Julia K. and Tavoni, Massimo and Ürge-Vorsatz, Diana and Weber, Elke U.},
 year = {2018},
 title = {Towards demand-side solutions for mitigating climate change},
 pages = {268 -- 271},
 volume = {8},
 number = {4},
 journal = {Nature Climate Change},
 doi = {doi:10.1038/s41558-018-0121-1}
}
@article{Rockstroem2009,
 author = {Rockström, Johan and Steffen, Will and Noone, Kevin and Persson, {\AA}sa and Chapin III, F. Stuart and Lambin, Eric F. and Lenton, Timothy M. and Scheffer, Marten and Folke, Carl and Schellnhuber, Hans Joachim and Nykvist, Björn and de Wit, Cynthia A. and Hughes, Terry and van der Leeuw, Sander and Rodhe, Henning and Sörlin, Sverker and Snyder, Peter K. and Costanza, Robert and Svedin, Uno and Falkenmark, Malin and Karlberg, Louise and Corell, Robert W. and Fabry, Victoria J. and Hansen, James and Walker, Brian and Liverman, Diana and Richardson, Katherine and Crutzen, Paul and Foley, Jonathan A.},
 year = {2009},
 title = {A safe operating space for humanity},
 pages = {472 -- 475},
 volume = {461},
 number = {472},
 journal = {Nature},
 doi = {doi:10.1038/s41558-018-0121-1}
}
@misc{BMWi2017,
 author = {BMWi},
 title = {Projekte {L}angfrist- und {K}limaszenarien},
 year = {2017},
 url = {https://www.bmwi.de/Redaktion/DE/Artikel/Energie/langfrist-und-klimaszenarien.html}
}
@misc{DeutscherBundestag2013,
 author = {Deutscher {B}undestag},
 title = {Schlussbericht der {E}nquete-{K}ommission „{W}achstum, {W}ohlstand, {L}ebensqualität – {W}ege zu nachhaltigem {W}irtschaften und gesellschaftlichem {F}ortschritt in der {S}ozialen {M}arktwirtschaft“},
 year = {2013},
 url = {http://www.bpb.de/shop/buecher/schriftenreihe/175745/schlussbericht-der-enquete-kommission}
}
@techreport{Santarius2012,
  type      = {Working {P}aper},
  author    = {Santarius, Tilman},
  title     = {Der {R}ebound-{E}ffekt : {\"u}ber die unerw{\"u}nschten {F}olgen der erw{\"u}nschten {E}nergieeffizienz},
  series    = {Impulse zur {W}achstumswende},
  volume    = {5},
  institution = {Wuppertal Inst. f{\"u}r Klima, Umwelt, Energie},
  address   = {Wuppertal},
  url       = {http://nbn-resolving.de/urn:nbn:de:bsz:wup4-opus-42193},
  pages     = {29},
  year      = {2012},
  abstract  = {Eine Steigerung der Energieproduktivit{\"a}t, um Energie m{\"o}glichst sparsam im Wirtschaftsprozess einzusetzen, ist ein wichtiger Beitrag zur Nachhaltigkeit. Dieser Text geht indessen der Frage nach, inwiefern Produktivit{\"a}tssteigerungen \"unerw{\"u}nschte Nebenwirkungen\" in Form einer Mehrnachfrage nach Energie nach sich ziehen k{\"o}nnen, die als so genannter Rebound-Effekt dem Ziel der Energieeinsparung zuwiderlaufen. Der Text zeigt 13 m{\"o}gliche Rebound-Effekte auf, umrei{\"s}t ihr quantitatives Ausma{\"s} und beschreibt die Schwierigkeiten, sie mit politischen Ma{\"s}nahmen zu begrenzen. Im Ergebnis erscheint es dringend erforderlich, zuk{\"u}nftig Rebound-Effekte in wissenschaftlichen Szenarien und im politischen Handeln zu ber{\"u}cksichtigen. Denn aufgrund der Vielzahl und Verschiedenartigkeit m{\"o}glicher Rebound-Effekte und der Einsch{\"a}tzung des Autors, dass die Summe dieser Rebound-Effekte auch langfristig mindestens die H{\"a}lfte der Einsparpotenziale von Effizienzma{\"s}nahmen aufzehren wird, werden Nachhaltigkeitsziele wie die Verminderung der Treibhausgase um ca. 80-90 Prozent in den Industriel{\"a}ndern bis zum Jahr 2050 durch Effizenz- und Konsistenzstrategien alleine unerreichbar. Erst wenn das Volkseinkommen aufh{\"o}rt stetig weiter zu wachsen, k{\"o}nnen Effizienz- und Konsistenzstrategien einen uneingeschr{\"a}nkt positiven Beitrag zur Nachhaltigkeit leisten und ihre technisch m{\"o}glichen Einsparpotenziale voll realisieren.},
  language  = {de}
}
@techreport{WGBU2012,
 type = {Hauptgutachten},
 author = {WGBU},
 title = {Welt im {W}andel - {G}esellschaftsvertrag für eine {G}roße {T}ransformation},
 year = {2011},
 url = {http://www.wbgu.de/fileadmin/user_upload/wbgu.de/templates/dateien/veroeffentlichungen/hauptgutachten/jg2011/wbgu_jg2011.pdf}
}
@article{Wiedmann2015,
 abstract = {Metrics on resource productivity currently used by governments suggest that some developed countries have increased the use of natural resources at a slower rate than economic growth (relative decoupling) or have even managed to use fewer resources over time (absolute decoupling). Using the material footprint (MF), a consumption-based indicator of resource use, we find the contrary: Achievements in decoupling in advanced economies are smaller than reported or even nonexistent. We present a time series analysis of the MF of 186 countries and identify material flows associated with global production and consumption networks in unprecedented specificity. By calculating raw material equivalents of international trade, we demonstrate that countries' use of nondomestic resources is, on average, about threefold larger than the physical quantity of traded goods. As wealth grows, countries tend to reduce their domestic portion of materials extraction through international trade, whereas the overall mass of material consumption generally increases. With every 10{\%} increase in gross domestic product, the average national MF increases by 6{\%}. Our findings call into question the sole use of current resource productivity indicators in policy making and suggest the necessity of an additional focus on consumption-based accounting for natural resource use.},
 author = {Wiedmann, Thomas O. and Schandl, Heinz and Lenzen, Manfred and Moran, Daniel and Suh, Sangwon and West, James and Kanemoto, Keiichiro},
 year = {2015},
 title = {The material footprint of nations},
 pages = {6271--6276},
 volume = {112},
 number = {20},
 issn = {0027-8424},
 journal = {Proceedings of the National Academy of Sciences of the United States of America},
 doi = {10.1073/pnas.1220362110}
}
@misc{Henning.November2012,
 author = {Henning, Hans-Martin and Palzer, Andreas},
 date = {November 2012},
 title = {100 {\%} Erneuerbare Energien f{\"u}r Strom und W{\"a}rme in Deutschland},
 address = {Freiburg},
 editor = {{Frauenhofer-Institut f{\"u}r Solare Energiesysteme}}
}
@techreport{Fuchs2016,
 type = {Abschlussbericht {F}orschungsprojekt {KomMA-P}},
 author = {Fuchs, Doris and Gölz, Sebastian and Graf, Antonia and Gumbert, Tobias and Klobasa, Marian and Ruddat, Michael and Sonnberger, Marco},
 title = {Energiewende Akzeptanz stärken},
 year = {2016},
 url = {http://www.energiewende-akzeptanz.de/wp-content/uploads/2017/12/KomMA_P_Abschlussbericht.pdf}
}
@article{Rogelj2018,
 author = {Rogelj, Joeri and Popp, Alexander and Calvin, Katherine V. and Luderer, Gunnar and Emmerling, Johannes and Gernaat, David and Fujimori, Shinichiro and Strefler, Jessica and Hasegawa, Tomoko and Marangoni, Giacomo and Krey, Volker and Kriegler, Elmar and Riahi, Keywan and van Vuuren, Detlef P. and Doelman, Jonathan and Drouet, Laurent and Edmonds, Jae and Fricko, Oliver and Harmsen, Mathijs and Havlík, Petr and Humpenöder, Florian and Stehfest, Elke and Tavoni, Massimo},
 year = {2018},
 title = {Scenarios towards limiting global mean temperature increase below 1.5 °C},
 journal = {Nature Climate Change},
 volume = {8},
 number = {4},
 pages = {325 -- 332},
 abstract = {The 2015 Paris Agreement calls for countries to pursue efforts to limit global-mean temperature rise to 1.5 °C. The transition pathways that can meet such a target have not, however, been extensively explored. Here we describe scenarios that limit end-of-century radiative forcing to 1.9 W m−2, and consequently restrict median warming in the year 2100 to below 1.5 °C. We use six integrated assessment models and a simple climate model, under different socio-economic, technological and resource assumptions from five Shared Socio-economic Pathways (SSPs). Some, but not all, SSPs are amenable to pathways to 1.5 °C. Successful 1.9 W m−2 scenarios are characterized by a rapid shift away from traditional fossil-fuel use towards large-scale low-carbon energy supplies, reduced energy use, and carbon-dioxide removal. However, 1.9 W m−2 scenarios could not be achieved in several models under SSPs with strong inequalities, high baseline fossil-fuel use, or scattered short-term climate policy. Further research can help policy-makers to understand the real-world implications of these scenarios.},
 doi = {10.1038/s41558-018-0091-3}
}
@Book{Dieckhoff2015,
  Title                    = {Modellierte Zukunft. Energieszenarien in der wissenschaftlichen Politikberatung},
  Author                   = {Christian Dieckhoff},
  Publisher                = {transcript Verlag},
  Year                     = {2015},
  Address                  = {Bielefeld},
  Month                    = {April},
  Number                   = {ISBN 978-3-8376-3097-8},
  Pages                    = {284},
  Series                   = {Science Studies}
}
@Article{Schuitema2017,
  Title                    = {{Should we quit our jobs? Challenges, barriers and recommendations for interdisciplinary energy research}},
  Author                   = {Geertje Schuitema and Nicole D. Sintov},
  Journal                  = {Energy Policy },
  Year                     = {2017},
  Pages                    = {246-250},
  Volume                   = {101},
  Doi                      = {10.1016/j.enpol.2016.11.043}
}
@article{Kagiannas2004,
author = {Kagiannas, Argyris G. and Askounis, Dimitris Th and Psarras, John},
doi = {10.1016/j.ijepes.2003.11.003},
journal = {International Journal of Electrical Power and Energy System},
keywords = {Competition,Monopoly,Power generation planning},
number = {6},
pages = {413--421},
title = {{Power generation planning: A survey from monopoly to competition}},
volume = {26},
year = {2004}
}
@Article{Wei2006,
  author  = {Y. M. Wei AND G. Wu AND Y. Fan AND L. C. Liu},
  title   = {Progress in energy complex system modelling and analysis},
  journal = {International Journal of Global Energy Issues},
  year    = {2006},
  volume  = {25},
  pages   = {109--128},
  doi     = {10.1504/IJGEI.2006.008387},
}
@TechReport{vernetzen2016,
  Title                    = {{VerNetzen: Sozial-ökologische und technisch-ökonomische Modellierung von Entwicklungspfaden der Energiewende. Projektabschlussbericht}},
  Author                   = {Melanie Degel and Marion Christ and Judith Grünert and Liv Becker and Clemens Wingenbach and Martin Soethe and Wolf-Dieter Bunke and Karoline Mester and Frauke Wiese},
  Publisher                = {IZT Berlin, Europa-Uniersität Flensburg, Deutsche Umwelthilfe e.V.},
  Year                     = {2016},
  Address                  = {Flensburg},
  url                      = {http://www.uni-flensburg.de/fileadmin/content/abteilungen/industrial/dokumente/downloads/veroeffentlichungen/forschungsergebnisse/vernetzen-2016-endbericht-online.pdf}
}
@article{SOVACOOL2014,
title = "What are we doing here? Analyzing fifteen years of energy scholarship and proposing a social science research agenda",
journal = "Energy Research & Social Science",
volume = "1",
pages = "1 - 29",
year = "2014",
issn = "2214-6296",
doi = "https://doi.org/10.1016/j.erss.2014.02.003",
url = "http://www.sciencedirect.com/science/article/pii/S2214629614000073",
author = "Benjamin K. Sovacool",
keywords = "Content analysis, Media content analysis, Energy studies research"
}
@article{SOVACOOL2015,
title = "Integrating social science in energy research",
journal = "Energy Research & Social Science",
volume = "6",
pages = "95 - 99",
year = "2015",
issn = "2214-6296",
doi = "https://doi.org/10.1016/j.erss.2014.12.005",
url = "http://www.sciencedirect.com/science/article/pii/S221462961400139X",
author = "B.K. Sovacool and S.E. Ryan and P.C. Stern and K. Janda and G. Rochlin and D. Spreng and M.J. Pasqualetti and H. Wilhite and L. Lutzenhiser",
keywords = "Energy studies, Interdisciplinarity, Transdisciplinary research"
}
@Article{Wiese2016,
AUTHOR = {Wiese, Frauke},
TITLE = {Resilience Thinking as an Interdisciplinary Guiding Principle for Energy System Transitions},
JOURNAL = {Resources},
VOLUME = {5},
YEAR = {2016},
NUMBER = {4},
ARTICLE NUMBER = {30},
URL = {http://www.mdpi.com/2079-9276/5/4/30},
ISSN = {2079-9276},
ABSTRACT = {Resource usage and environmental consequences of most current energy systems exceed planetary boundaries. The transition to sustainable energy systems is accompanied by a multitude of research methods, as energy systems are complex structures of technical, economical, social and ecological interactions. The description of different discipline’s perspectives in this paper show that a more mutual understanding between disciplines of their respective focus is necessary as they partly create internally competitive views arising from differing emphasis of connected matters. The purpose of this paper is to present a framework for interdisciplinary proceeding in a complex energy system transition process. Resilience thinking is chosen as a core concept for a more holistic view on sustainable energy system development. It is shown that it is already widely used in different disciplines connected to energy system research and is especially suitable due to its wide application across disciplines. The seven principles of resilience thinking (maintain redundancy and diversity, manage connectivity, manage slow variables and feedback, foster complex adaptive systems thinking, encourage learning, broaden participation, and promote polycentric governance systems) are chosen as the basis for a procedure that can be utilized to increase the interdisciplinary perspectives of energy system transitions. For energy transition processes based on scenario development, backcasting and pathway definition, resilience thinking principles are used to assess the resilience of the target energy system, the pathway resilience and the design of the scenario process with respect to the probability of a resilient outcome. The described procedure consisting of questions and parameters can be applied as a first attempt for a resilience assessment of energy transition processes. The perspective of resilience in sustainable energy systems strengthens the importance of diversity, redundancy and flexibility, which reduces the current dominant focus on efficiency of the overall system.},
DOI = {10.3390/resources5040030}
}
@Article{Hohmeyer2015,
  Title                    = {Trends toward 100\% renewable electricity supply in Germany and Europe: a paradigm shift in energy policies},
  Author                   = {Hohmeyer, Olav H. and Bohm, Sönke},
  Journal                  = {Wiley Interdisciplinary Reviews: Energy and Environment},
  Year                     = {2015},
  Number                   = {1},
  Pages                    = {74--97},
  Volume                   = {4},

  Doi                      = {10.1002/wene.128},
  ISSN                     = {2041-840X},
  Owner                    = {frauke},
  Publisher                = {Wiley Periodicals, Inc.},
  Timestamp                = {2016.08.06},
  Url                      = {http://dx.doi.org/10.1002/wene.128}
}
@Misc{Quaschning2016,
  Title                    = {{Sektorkopplung durch die Energiewende (Sector coupling by energy transition)}},
  Author                   = {Volker Quaschning},
  url = {http://www.volker-quaschning.de/publis/studien/sektorkopplung/Sektorkopplungsstudie.pdf},
  note = {{Study, Berlin University of Applied Sciences (HTW), Accessed 1 July 2016}},
  Month                    = {June},
  Year                     = {2016}
}
@techreport{SRU2011,
  type      = {Sondergutachten},
  author    = {Sachverständigenrat für Umweltfragen},
  title     = {Wege zur 100 \% erneuerbaren Stromversorgung},
  publisher = {Erich Schmidt Verlag},
  address   = {Berlin},
  url       = {{https://www.umweltrat.de/SharedDocs/Downloads/DE/02_Sondergutachten/2011_07_SG_Wege_zur_100_Prozent_erneuerbaren_Stromversorgung.pdf?__blob=publicationFile}},
  pages     = {396},
  year      = {2011}
}
@Article{Pfenninger2017c,
title = "Opening the black box of energy modelling: Strategies and lessons learned",
journal = "Energy Strategy Reviews",
volume = "19",
pages = "63 - 71",
year = "2018",
issn = "2211-467X",
doi = "https://doi.org/10.1016/j.esr.2017.12.002",
url = "http://www.sciencedirect.com/science/article/pii/S2211467X17300809",
author = "Stefan Pfenninger and Lion Hirth and Ingmar Schlecht and Eva Schmid and Frauke Wiese and Tom Brown and Chris Davis and Matthew Gidden and Heidi Heinrichs and Clara Heuberger and Simon Hilpert and Uwe Krien and Carsten Matke and Arjuna Nebel and Robbie Morrison and Berit Müller and Guido Pleßmann and Matthias Reeg and Jörn C. Richstein and Abhishek Shivakumar and Iain Staffell and Tim Tröndle and Clemens Wingenbach",
keywords = "Open source, Open data, Energy modelling"
}
@Article{Pfenninger2014,
  Title                    = {Energy systems modeling for twenty-first century energy challenges},
  Author                   = {Stefan Pfenninger and Adam Hawkes and James Keirstead},
  Journal                  = {Renewable and Sustainable Energy Reviews },
  Year                     = {2014},
  Pages                    = {74-86},
  Volume                   = {33},
  Doi                      = {10.1016/j.rser.2014.02.003}
}
@PhdThesis{Wiese2015,
  Title                    = {{renpass - Renewable Energy Pathways Simulation System - Open Source as an approach to meet challenges in energy modeling}},
  Author                   = {Frauke Wiese},
  School                   = {Europa Universit\"at Flensburg},
  Year                     = {2015},
  Month                    = {April},
  Type                     = {{PhD Thesis}}
}

@Article{Wiese2014,
  Title                    = {An open source energy system simulation model as an instrument for public participation in the development of strategies for a sustainable future},
  Author                   = {Frauke Wiese AND Gesine Bökenkamp AND Clemens Wingenbach AND Olav Hohmeyer},
  Journal                  = {WIREs Energy Environ},
  Year                     = {2014},
  Number                   = {5},
  Pages                    = {490–504},
  Volume                   = {3},
  Doi                      = {10.1002/wene.109}
}
@Article{Cao2016,
author="Cao, Karl-Ki{\^e}n
and Cebulla, Felix
and G{\'o}mez Vilchez, Jonatan J.
and Mousavi, Babak
and Prehofer, Sigrid",
title="Raising awareness in model-based energy scenario studies---a transparency checklist",
journal="Energy, Sustainability and Society",
year="2016",
month="Sep",
day="28",
volume="6",
number="1",
pages="28",
abstract="The focus of the paper is on scenario studies that examine energy systems. This type of studies is usually based on formal energy models, from which energy policy recommendations are derived. In order to be valuable for strategic decision-making, the comprehensibility of these complex scenario studies is necessary. We aim at highlighting and mitigating the problematic issue of lacking transparency in such model-based scenario studies.",
issn="2192-0567",
doi="10.1186/s13705-016-0090-z",
url="https://doi.org/10.1186/s13705-016-0090-z"
}
@Article{Heinrichs2017,
  Title                    = {Integrated assessment of a phase-out of coal-fired power plants in Germany},
  Author                   = {Heidi Ursula Heinrichs AND Diana Schumann  AND Stefan Vögele AND Klaus Hendrik Biß AND Hawal Shamon AND Peter Markewitz AND Johannes Többen AND Bastian Gillessen AND Fabian Gotzens AND Anna Ernst},
  Journal                  = {Energy},
  Year                     = {2017},
  Pages                    = {285-305},
  Volume                   = {126},
  Doi                      = {10.1016/j.energy.2017.03.017}
}
@article{WEIMERJEHLE2016,
title = "Context scenarios and their usage for the construction of socio-technical energy scenarios",
journal = "Energy",
volume = "111",
pages = "956 - 970",
year = "2016",
issn = "0360-5442",
doi = "https://doi.org/10.1016/j.energy.2016.05.073",
url = "http://www.sciencedirect.com/science/article/pii/S0360544216306909",
author = "Wolfgang Weimer-Jehle and Jens Buchgeister and Wolfgang Hauser and Hannah Kosow and Tobias Naegler and Witold-Roger Poganietz and Thomas Pregger and Sigrid Prehofer and Andreas von Recklinghausen and Jens Schippl and Stefan Vögele",
keywords = "Energy scenario, Energy modeling, Cross-impact balance analysis, Socio-technical scenario, Context scenarios"
}
@article{WEIMERJEHLE2006,
title = "Cross-impact balances:
A system-theoretical approach to cross-impact analysis",
journal = "Technological Forecasting \& Social Change",
volume = "73",
pages = "334 – 361",
year = "2006",
doi = "10.1016/j.techfore.2005.06.005",
author = "Wolfgang Weimer-Jehle"
}
@techreport{negawatt2017,
  type      = {Executive Summary},
  author    = {Negawatt Association},
  title     = {The 2017 - 2050 négaWatt Scenario},
  url       = {https://negawatt.org/IMG/pdf/negawatt-scenario-2017-2050_english-summary.pdf},
  year      = {2017},
}
@Article{Pfenninger2017,
  Title                    = {The importance of open data and software: Is energy research lagging behind? },
  Author                   = {Stefan Pfenninger and Joseph DeCarolis and Lion Hirth and Sylvain Quoilin and Iain Staffell},
  Journal                  = {Energy Policy},
  Year                     = {2017},
  Pages                    = {211 - 215},
  Volume                   = {101},
  Doi                      = {10.1016/j.enpol.2016.11.046}
}
@Article{Pfenninger2017b,
  Author                   = {Stefan Pfenninger},
  Journal                  = {Nature},
  Volume                   = {542},
  Pages		           = {393},		 
  Title                    = {Energy scientists must show their workings},
  Year                     = {2017},
  Doi                      = {doi:10.1038/542393a}
}
@Article{Wiese2018,
author="Wiese, Frauke
and Hilpert, Simon
and Kaldemeyer, Cord
and Ple{\ss}mann, Guido",
title="A qualitative evaluation approach for energy system modelling frameworks",
journal="Energy, Sustainability and Society",
year="2018",
month="Apr",
day="16",
volume="8",
number="1",
pages="13",
abstract="The research field of energy system analysis is faced with the challenge of increasingly complex systems and their sustainable transition. The challenges are not only on a technical level but also connected to societal aspects. Energy system modelling plays a decisive role in this field, and model properties define how useful it is in regard to the existing challenges. For energy system models, evaluation methods exist, but we argue that many decisions upon properties are rather made on the model generator or framework level. Thus, this paper presents a qualitative approach to evaluate frameworks in a transparent and structured way regarding their suitability to tackle energy system modelling challenges.",
issn="2192-0567",
doi="10.1186/s13705-018-0154-3",
url="https://doi.org/10.1186/s13705-018-0154-3"
}